@article{matas2004robust,
  title={Robust wide-baseline stereo from maximally stable extremal regions},
  author={Matas, Jiri and Chum, Ondrej and Urban, Martin and Pajdla, Tom{\'a}s},
  journal={Image and vision computing},
  volume={22},
  number={10},
  pages={761--767},
  year={2004},
  publisher={Elsevier}
}

@inproceedings{lowe1999object,
  title={Object recognition from local scale-invariant features},
  author={Lowe, David G},
  booktitle={Computer vision, 1999. The proceedings of the seventh IEEE international conference on},
  volume={2},
  pages={1150--1157},
  year={1999},
  organization={Ieee}
}

@inproceedings{yao2012codebook,
  title={A codebook-free and annotation-free approach for fine-grained image categorization},
  author={Yao, Bangpeng and Bradski, Gary and Fei-Fei, Li},
  booktitle={Computer Vision and Pattern Recognition (CVPR), 2012 IEEE Conference on},
  pages={3466--3473},
  year={2012},
  organization={IEEE}
}

@inproceedings{seitz2006comparison,
  title={A comparison and evaluation of multi-view stereo reconstruction algorithms},
  author={Seitz, Steven M and Curless, Brian and Diebel, James and Scharstein, Daniel and Szeliski, Richard},
  booktitle={null},
  pages={519--528},
  year={2006},
  organization={IEEE}
}

@article{brown2007automatic,
  title={Automatic panoramic image stitching using invariant features},
  author={Brown, Matthew and Lowe, David G},
  journal={International journal of computer vision},
  volume={74},
  number={1},
  pages={59--73},
  year={2007},
  publisher={Springer}
}

@inproceedings{molton2004locally,
  title={Locally Planar Patch Features for Real-Time Structure from Motion.},
  author={Molton, Nicholas and Davison, Andrew J and Reid, Ian D},
  booktitle={Bmvc},
  pages={1--10},
  year={2004},
  organization={Citeseer}
}

@inproceedings{zagoruyko2015learning,
  title={Learning to compare image patches via convolutional neural networks},
  author={Zagoruyko, Sergey and Komodakis, Nikos},
  booktitle={Proceedings of the IEEE Conference on Computer Vision and Pattern Recognition},
  pages={4353--4361},
  year={2015}
}

@inproceedings{han2015matchnet,
  title={Matchnet: Unifying feature and metric learning for patch-based matching},
  author={Han, Xufeng and Leung, Thomas and Jia, Yangqing and Sukthankar, Rahul and Berg, Alexander C},
  booktitle={Proceedings of the IEEE Conference on Computer Vision and Pattern Recognition},
  pages={3279--3286},
  year={2015}
}

@inproceedings{densenet,
  title={Densely connected convolutional networks.},
  author={Huang, Gao and Liu, Zhuang and Van Der Maaten, Laurens and Weinberger, Kilian Q},
  booktitle={CVPR},
  volume={1},
  number={2},
  pages={3},
  year={2017}
}

@article{akyildiz2005underwater,
  title={Underwater acoustic sensor networks: research challenges},
  author={Akyildiz, Ian F and Pompili, Dario and Melodia, Tommaso},
  journal={Ad hoc networks},
  volume={3},
  number={3},
  pages={257--279},
  year={2005},
  publisher={Elsevier}
}

@inproceedings{hurtos2012fourier,
  title={Fourier-based registrations for two-dimensional forward-looking sonar image mosaicing},
  author={Hurt{\'o}s, Natalia and Petillot, Yvan and Salvi, Joaquim and others},
  booktitle={Intelligent Robots and Systems (IROS), 2012 IEEE/RSJ International Conference on},
  pages={5298--5305},
  year={2012},
  organization={Ieee}
}

@article{lowe2004distinctive,
  title={Distinctive image features from scale-invariant keypoints},
  author={Lowe, David G},
  journal={International journal of computer vision},
  volume={60},
  number={2},
  pages={91--110},
  year={2004},
  publisher={Springer}
}

@inproceedings{hadsell2006dimensionality,
  title={Dimensionality reduction by learning an invariant mapping},
  author={Hadsell, Raia and Chopra, Sumit and LeCun, Yann},
  booktitle={null},
  pages={1735--1742},
  year={2006},
  organization={IEEE}
}

@inproceedings{pham2013guided,
  title={Guided block-matching for sonar image registration using unsupervised Kohonen neural networks},
  author={Pham, Minh T{\^a}n and Gu{\'e}riot, Didier},
  booktitle={Oceans-San Diego, 2013},
  pages={1--5},
  year={2013},
  organization={IEEE}
}

@article{kim2005mosaicing,
  title={Mosaicing of acoustic camera images},
  author={Kim, K and Neretti, N and Intrator, N},
  journal={IEE Proceedings-Radar, Sonar and Navigation},
  volume={152},
  number={4},
  pages={263--270},
  year={2005},
  publisher={IET}
}

@inproceedings{vandrish2011side,
  title={Side-scan sonar image registration for AUV navigation},
  author={Vandrish, Peter and Vardy, Andrew and Walker, Dan and Dobre, OA},
  booktitle={Underwater Technology (UT), 2011 IEEE Symposium on and 2011 Workshop on Scientific Use of Submarine Cables and Related Technologies (SSC)},
  pages={1--7},
  year={2011},
  organization={IEEE}
}

@misc{zeiler2013visualizing,
  title={Visualizing and understanding convolutional networks. CoRR, abs/1311.2901},
  author={Zeiler, MD and Fergus, R},
  year={2013}
}

@article{szegedy2014going,
  title={Going deeper with convolutions, CoRR abs/1409.4842},
  author={Szegedy, C and Liu, W and Jia, Y and Sermanet, P and Reed, S and Anguelov, D and Erhan, D and Vanhoucke, V and Rabinovich, A},
  journal={URL http://arxiv. org/abs/1409.4842},
  year={2014}
}

@inproceedings{bromley1994signature,
  title={Signature verification using a" siamese" time delay neural network},
  author={Bromley, Jane and Guyon, Isabelle and LeCun, Yann and S{\"a}ckinger, Eduard and Shah, Roopak},
  booktitle={Advances in neural information processing systems},
  pages={737--744},
  year={1994}
}

@Online{wikihyper,
author = {Wikipedia},
title = {{Hyperparameter} machine learning},
month = {November},
year = {2018},
url = {https://en.wikipedia.org/wiki/Hyperparameter_(machine_learning)}
}

@Online{wikicnn,
author = {Wikipedia},
title = {Convolutional neural networks},
month = {November},
year = {2018},
url = {https://en.wikipedia.org/wiki/Convolutional_neural_network}
}

@Online{wikidnn,
author = {Wikipedia},
title = {Deep neural networks},
month = {November},
year = {2018},
url = {https://en.wikipedia.org/wiki/Deep_learning#Deep_neural_networks}
}

@Online{hdf5,
author = {The HDF Group},
title = {What is HDF5},
month = {December},
year = {2018},
url = {https://support.hdfgroup.org/HDF5/whatishdf5.html}
}

@Online{kerasinit,
author = {Chollet, Fran{\c{c}}ois and others},
title = {{Initializers} keras},
month = {November},
year = {2018},
url = {https://keras.io/initializers/}
}

@misc{chollet2015keras,
  title={Keras},
  author={Chollet, Fran{\c{c}}ois and others},
  year={2015}
}

@Online{kerasopt,
author = {Chollet, Fran{\c{c}}ois and others},
title = {{optimizers} keras},
month = {November},
year = {2018},
url = {https://keras.io/optimizers/}
}

@Online{kerasconv,
author = {Chollet, Fran{\c{c}}ois and others},
title = {{Conv2D} keras},
month = {December},
year = {2018},
url = {https://keras.io/layers/convolutional/}
}

@Online{kerascallbacks,
author = {Chollet, Fran{\c{c}}ois and others},
title = {{callbacks keras}},
month = {December},
year = {2018},
url = {https://keras.io/callbacks/}
}

@Online{kerassigmoid,
author = {Chollet, Fran{\c{c}}ois and others},
title = {{Sigmoid keras}},
month = {December},
year = {2018},
url = {https://keras.io/activations/#sigmoid}
}

@Online{kerascrossentropy,
author = {Chollet, Fran{\c{c}}ois and others},
title = {{Binary ross entropy loss keras}},
month = {December},
year = {2018},
url = {https://keras.io/losses/#binary_crossentropy}
}

@Online{kerasrelu,
author = {Chollet, Fran{\c{c}}ois and others},
title = {{Relu relu}},
month = {December},
year = {2018},
url = {https://keras.io/activations/#relu}
}

@Online{tensors,
author = {Tensorflow},
title = {{Tensors}},
month = {December},
year = {2018},
url = {https://www.tensorflow.org/programmers_guide/tensors}
}

@inproceedings{stateoftheart,
  title={Improving sonar image patch matching via deep learning},
  author={Valdenegro-Toro, Matias},
  booktitle={Mobile Robots (ECMR), 2017 European Conference on},
  pages={1--6},
  year={2017},
  organization={IEEE}
}


@Online{cs231n,
author = {CNN for visual recognition},
title = {{Cs231n Stanford University}},
month = {November},
year = {2018},
url = {http://cs231n.github.io/neural-networks-3/#update}
}

@Online{sklearnsplit,
author = {scikit learn},
title = {{Train test data split}},
month = {December},
year = {2018},
url = {https://scikit-learn.org/stable/modules/generated/sklearn.model_selection.train_test_split.html}
}