@Article{art1,
  author =       "Author Name",
  title =        "Book Title",
  journal =      "Lecture Notes in Autonomous System",
  volume =       "1001",
  publisher =    "UFO",
  pages =        "900--921",
  year =         "2003",
  coden =        "LNCSD9",
  ISSN =         "0302-2345",
  bibdate =      "Sat Dec 7 10:05:42 MST 2003",
}

@Online{wikihyper,
author = {Wikipedia(Hyperparameter)},
title = {{Hyperparameter} machine learning},
month = {November},
year = {2018},
url = {https://en.wikipedia.org/wiki/Hyperparameter_(machine_learning)}
}

@Online{kerasinit,
author = {Chollet, Fran{\c{c}}ois and others},
title = {{Initializers} keras},
month = {November},
year = {2018},
url = {https://keras.io/initializers/}
}

@misc{chollet2015keras,
  title={Keras},
  author={Chollet, Fran{\c{c}}ois and others},
  year={2015}
}

@Online{kerasopt,
author = {Chollet, Fran{\c{c}}ois and others},
title = {{optimizers} keras},
month = {November},
year = {2018},
url = {https://keras.io/optimizers/}
}

@Online{kerasconv,
author = {Chollet, Fran{\c{c}}ois and others},
title = {{Conv2D} keras},
month = {December},
year = {2018},
url = {https://keras.io/layers/convolutional/}
}

@Online{kerascallbacks,
author = {Chollet, Fran{\c{c}}ois and others},
title = {{callbacks keras}},
month = {December},
year = {2018},
url = {https://keras.io/callbacks/}
}

@Online{tensors,
author = {Tensorflow},
title = {{Tensors}},
month = {December},
year = {2018},
url = {https://www.tensorflow.org/programmers_guide/tensors}
}

@inproceedings{stateoftheart,
  title={Improving sonar image patch matching via deep learning},
  author={Valdenegro-Toro, Matias},
  booktitle={Mobile Robots (ECMR), 2017 European Conference on},
  pages={1--6},
  year={2017},
  organization={IEEE}
}

@inproceedings{zagoruyko2015learning,
  title={Learning to compare image patches via convolutional neural networks},
  author={Zagoruyko, Sergey and Komodakis, Nikos},
  booktitle={Proceedings of the IEEE Conference on Computer Vision and Pattern Recognition},
  pages={4353--4361},
  year={2015}
}

@Online{cs231n,
author = {CNN for visual recognition},
title = {{Cs231n Stanford University}},
month = {November},
year = {2018},
url = {http://cs231n.github.io/neural-networks-3/#update}
}

@Online{sklearnsplit,
author = {scikit learn},
title = {{Train test data split}},
month = {December},
year = {2018},
url = {https://scikit-learn.org/stable/modules/generated/sklearn.model_selection.train_test_split.html}
}